<?xml version="1.0" encoding="UTF-8"?><collection xmlns="http://www.loc.gov/MARC21/slim"><record><leader>00381nam--2200133-i-4500</leader><controlfield tag="001">000013296</controlfield><controlfield tag="002">20161230</controlfield><controlfield tag="005">20161230201030</controlfield><controlfield tag="008">060222s1000------------r-----000-0-eng-d</controlfield><datafield ind1=" " ind2=" " tag="100"><subfield code="a">Ashmore, P.G</subfield></datafield><datafield ind1=" " ind2=" " tag="245"><subfield code="a">Donovan, r.t</subfield></datafield><datafield ind1=" " ind2=" " tag="260"><subfield code="a">Gas Kinetics And Energy Transfer Review Of The Literature Published Up Early 1978</subfield></datafield><datafield ind1=" " ind2=" " tag="490"><subfield code="a">Specialist Periodical Reports</subfield></datafield><datafield ind1=" " ind2=" " tag="852"><subfield code="a">533.7:541.124</subfield></datafield></record></collection>